@article{dotter2016mesa,
  title={MESA Isochrones and Stellar Tracks (MIST) 0: Methods for the Construction of Stellar Isochrones},
  author={Dotter, Aaron},
  journal={The Astrophysical Journal Supplement Series},
  volume={222},
  number={1},
  pages={8},
  year={2016},
  publisher={IOP Publishing}
}

@ARTICLE{hurst2015indirect,
       author = {{Hurst}, Travis J. and {Zentner}, Andrew R. and {Natarajan}, Aravind and
         {Badenes}, Carles},
        title = "{Indirect probes of dark matter and globular cluster properties from dark matter annihilation within the coolest white dwarfs}",
      journal = {\prd},
     keywords = {95.35.+d, Dark matter, Astrophysics - Cosmology and Nongalactic Astrophysics},
         year = "2015",
        month = "May",
       volume = {91},
          eid = {103514},
        pages = {103514},
          doi = {10.1103/PhysRevD.91.103514},
archivePrefix = {arXiv},
       eprint = {1410.3925},
 primaryClass = {astro-ph.CO},
       adsurl = {https://ui.adsabs.harvard.edu/\#abs/2015PhRvD..91j3514H},
      adsnote = {Provided by the SAO/NASA Astrophysics Data System}
}

@ARTICLE{white_rees78,
       author = {{White}, S.~D.~M. and {Rees}, M.~J.},
        title = "{Core condensation in heavy halos: a two-stage theory for galaxy formation and clustering.}",
      journal = {\mnras},
     keywords = {Astronomical Models, Galactic Clusters, Galactic Evolution, Galactic Nuclei, Gravitational Effects, Halos, Critical Mass, Dark Matter, Dynamic Models, Interstellar Gas, Luminosity, Many Body Problem, Red Shift, Astrophysics, Formation:Galaxies},
         year = "1978",
        month = "May",
       volume = {183},
        pages = {341-358},
          doi = {10.1093/mnras/183.3.341},
       adsurl = {https://ui.adsabs.harvard.edu/abs/1978MNRAS.183..341W},
      adsnote = {Provided by the SAO/NASA Astrophysics Data System}
}

@ARTICLE{blumenthal_etal84,
       author = {{Blumenthal}, G.~R. and {Faber}, S.~M. and {Primack}, J.~R. and
         {Rees}, M.~J.},
        title = "{Formation of galaxies and large-scale structure with cold dark matter.}",
      journal = {\nat},
     keywords = {Dark Matter, Galactic Evolution, Galactic Structure, Matter (Physics), Universe, Astronomical Models, Baryons, Galactic Clusters, Globular Clusters, Astrophysics, DARK MATTER, GALACTIC EVOLUTION, GALACTIC STRUCTURE, MATTER (PHYSICS), UNIVERSE, ASTRONOMICAL MODELS, BARYONS, GALACTIC CLUSTERS, GLOBULAR CLUSTERS},
         year = "1984",
        month = "Oct",
       volume = {311},
        pages = {517-525},
          doi = {10.1038/311517a0},
       adsurl = {https://ui.adsabs.harvard.edu/abs/1984Natur.311..517B},
      adsnote = {Provided by the SAO/NASA Astrophysics Data System}
}

@article{paxton2010modules,
  title={Modules for experiments in stellar astrophysics (MESA)},
  author={Paxton, Bill and Bildsten, Lars and Dotter, Aaron and Herwig, Falk and Lesaffre, Pierre and Timmes, Frank},
  journal={The Astrophysical Journal Supplement Series},
  volume={192},
  number={1},
  pages={3},
  year={2010},
  publisher={IOP Publishing}
}

@article{spergel1985effect,
  title={Effect of hypothetical, weakly interacting, massive particles on energy transport in the solar interior},
  author={Spergel, David N and Press, WH},
  journal={The Astrophysical Journal},
  volume={294},
  pages={663--673},
  year={1985}
}

@ARTICLE{press_spergel85,
       author = {{Press}, W.~H. and {Spergel}, D.~N.},
        title = "{Capture by the sun of a galactic population of weakly interacting, massive particles}",
      journal = {\apj},
     keywords = {Capture Effect, Elementary Particles, Missing Mass (Astrophysics), Solar Neutrinos, Solar Physics, Kinematics, Milky Way Galaxy, Rates (Per Time), Scattering Cross Sections, Stellar Mass Accretion, Astrophysics},
         year = "1985",
        month = "Sep",
       volume = {296},
        pages = {679-684},
          doi = {10.1086/163485},
       adsurl = {https://ui.adsabs.harvard.edu/abs/1985ApJ...296..679P},
      adsnote = {Provided by the SAO/NASA Astrophysics Data System}
}

@ARTICLE{gaisser_etal86,
       author = {{Gaisser}, T.~K. and {Steigman}, G. and {Tilav}, S.},
        title = "{Limits on cold-dark-matter candidates from deep underground detectors}",
      journal = {\prd},
     keywords = {96.40.Qr, 14.60.Gh, 14.80.Pb, 98.60.Ln},
         year = "1986",
        month = "Oct",
       volume = {34},
       number = {8},
        pages = {2206-2222},
          doi = {10.1103/PhysRevD.34.2206},
       adsurl = {https://ui.adsabs.harvard.edu/abs/1986PhRvD..34.2206G},
      adsnote = {Provided by the SAO/NASA Astrophysics Data System}
}

@ARTICLE{krauss_etal85,
       author = {{Krauss}, L.~M. and {Freese}, K. and {Spergel}, D.~N. and {Press}, W.~H.},
        title = "{Cold dark matter candidates and the solar neutrino problem}",
      journal = {\apj},
     keywords = {Abundance, Cold Plasmas, Elementary Particle Interactions, Missing Mass (Astrophysics), Solar Neutrinos, Weak Energy Interactions, Annihilation Reactions, Capture Effect, Milky Way Galaxy, Scattering Cross Sections, Solar Physics},
         year = "1985",
        month = "Dec",
       volume = {299},
        pages = {1001-1006},
          doi = {10.1086/163767},
       adsurl = {https://ui.adsabs.harvard.edu/abs/1985ApJ...299.1001K},
      adsnote = {Provided by the SAO/NASA Astrophysics Data System}
}

@ARTICLE{griest_seckel87,
       author = {{Griest}, Kim and {Seckel}, David},
        title = "{Cosmic asymmetry, neutrinos and the sun}",
      journal = {Nuclear Physics B},
         year = "1987",
        month = "Jan",
       volume = {283},
        pages = {681-705},
          doi = {10.1016/0550-3213(87)90293-8},
       adsurl = {https://ui.adsabs.harvard.edu/abs/1987NuPhB.283..681G},
      adsnote = {Provided by the SAO/NASA Astrophysics Data System}
}

@article{zentner2011asymmetric,
  title={Asymmetric dark matter may alter the evolution of very low-mass stars and brown dwarfs},
  author={Zentner, Andrew R and Hearin, Andrew P},
  journal={Physical Review D},
  volume={84},
  number={10},
  pages={101302},
  year={2011},
  publisher={APS}
}

@ARTICLE{steigman_etal12,
       author = {{Steigman}, Gary and {Dasgupta}, Basudeb and {Beacom}, John F.},
        title = "{Precise relic WIMP abundance and its impact on searches for dark matter annihilation}",
      journal = {\prd},
     keywords = {95.35.+d, Dark matter, High Energy Physics - Phenomenology, Astrophysics - Cosmology and Extragalactic Astrophysics, Astrophysics - Galaxy Astrophysics},
         year = "2012",
        month = "Jul",
       volume = {86},
       number = {2},
          eid = {023506},
        pages = {023506},
          doi = {10.1103/PhysRevD.86.023506},
archivePrefix = {arXiv},
       eprint = {1204.3622},
 primaryClass = {hep-ph},
       adsurl = {https://ui.adsabs.harvard.edu/abs/2012PhRvD..86b3506S},
      adsnote = {Provided by the SAO/NASA Astrophysics Data System}
}

@ARTICLE{iocco_etal12,
       author = {{Iocco}, Fabio and {Taoso}, Marco and {Leclercq}, Florent and
         {Meynet}, Georges},
        title = "{Main Sequence Stars with Asymmetric Dark Matter}",
      journal = {\prl},
     keywords = {95.35.+d, 97.10.Cv, Dark matter, Stellar structure interiors evolution nucleosynthesis ages, Astrophysics - Solar and Stellar Astrophysics, High Energy Physics - Phenomenology},
         year = "2012",
        month = "Feb",
       volume = {108},
       number = {6},
          eid = {061301},
        pages = {061301},
          doi = {10.1103/PhysRevLett.108.061301},
archivePrefix = {arXiv},
       eprint = {1201.5387},
 primaryClass = {astro-ph.SR},
       adsurl = {https://ui.adsabs.harvard.edu/abs/2012PhRvL.108f1301I},
      adsnote = {Provided by the SAO/NASA Astrophysics Data System}
}

@ARTICLE{vincent_etal15,
       author = {{Vincent}, Aaron C. and {Scott}, Pat and {Serenelli}, Aldo},
        title = "{Possible Indication of Momentum-Dependent Asymmetric Dark Matter in the Sun}",
      journal = {\prl},
     keywords = {95.35.+d, 26.65.+t, 96.60.Ly, Dark matter, Solar neutrinos, Helioseismology pulsations and shock waves, High Energy Physics - Phenomenology, Astrophysics - Cosmology and Nongalactic Astrophysics, Astrophysics - Solar and Stellar Astrophysics},
         year = "2015",
        month = "Feb",
       volume = {114},
       number = {8},
          eid = {081302},
        pages = {081302},
          doi = {10.1103/PhysRevLett.114.081302},
archivePrefix = {arXiv},
       eprint = {1411.6626},
 primaryClass = {hep-ph},
       adsurl = {https://ui.adsabs.harvard.edu/abs/2015PhRvL.114h1302V},
      adsnote = {Provided by the SAO/NASA Astrophysics Data System}
}




@article{zentner2009high,
  title={High-energy neutrinos from dark matter particle self-capture within the Sun},
  author={Zentner, Andrew R},
  journal={Physical Review D},
  volume={80},
  number={6},
  pages={063501},
  year={2009},
  publisher={APS}
}

@ARTICLE{adm_review,
       author = {{Zurek}, Kathryn M.},
        title = "{Asymmetric Dark Matter: Theories, signatures, and constraints}",
      journal = {\physrep},
     keywords = {High Energy Physics - Phenomenology, Astrophysics - Cosmology and Nongalactic Astrophysics, Astrophysics - High Energy Astrophysical Phenomena},
         year = "2014",
        month = "Apr",
       volume = {537},
       number = {3},
        pages = {91-121},
          doi = {10.1016/j.physrep.2013.12.001},
archivePrefix = {arXiv},
       eprint = {1308.0338},
 primaryClass = {hep-ph},
       adsurl = {https://ui.adsabs.harvard.edu/abs/2014PhR...537...91Z},
      adsnote = {Provided by the SAO/NASA Astrophysics Data System}
}


@ARTICLE{barr_etal90,
   author = {{Barr}, S.~M. and {Sekhar Chivukula}, R. and {Farhi}, E.},
    title = "{Electroweak fermion number violation and the production of stable particles in the early universe}",
  journal = {Physics Letters B},
     year = 1990,
    month = may,
   volume = 241,
    pages = {387-391},
      doi = {10.1016/0370-2693(90)91661-T},
   adsurl = {http://adsabs.harvard.edu/abs/1990PhLB..241..387B},
  adsnote = {Provided by the SAO/NASA Astrophysics Data System}
}


@ARTICLE{chivukula_walker90,
   author = {{Chivukula}, R.~S. and {Walker}, T.~P.},
    title = "{Technicolor cosmology}",
  journal = {Nuclear Physics B},
     year = 1990,
    month = jan,
   volume = 329,
    pages = {445-463},
      doi = {10.1016/0550-3213(90)90151-3},
   adsurl = {http://adsabs.harvard.edu/abs/1990NuPhB.329..445C},
  adsnote = {Provided by the SAO/NASA Astrophysics Data System}
}

@ARTICLE{kaplan92,
   author = {{Kaplan}, D.~B.},
    title = "{Single explanation for both baryon and dark matter densities}",
  journal = {Physical Review Letters},
 keywords = {BARYONS, DARK MATTER, PARTICLE DENSITY (CONCENTRATION), CHARGED PARTICLES, FLUX DENSITY, NEUTRAL PARTICLES, QUANTUM NUMBERS, UNIVERSE},
     year = 1992,
    month = feb,
   volume = 68,
    pages = {741-743},
      doi = {10.1103/PhysRevLett.68.741},
   adsurl = {http://adsabs.harvard.edu/abs/1992PhRvL..68..741K},
  adsnote = {Provided by the SAO/NASA Astrophysics Data System}
}



@ARTICLE{hooper_etal05,
   author = {{Hooper}, D. and {March-Russell}, J. and {West}, S.~M.},
    title = "{Asymmetric sneutrino dark matter and the {$\Omega$}_{b}/{$\Omega$}_{DM} puzzle}",
  journal = {Physics Letters B},
   eprint = {arXiv:hep-ph/0410114},
     year = 2005,
    month = jan,
   volume = 605,
    pages = {228-236},
      doi = {10.1016/j.physletb.2004.11.047},
   adsurl = {http://adsabs.harvard.edu/abs/2005PhLB..605..228H},
  adsnote = {Provided by the SAO/NASA Astrophysics Data System}
}


@ARTICLE{gudnason_etal06,
   author = {{Gudnason}, S.~B. and {Kouvaris}, C. and {Sannino}, F.},
    title = "{Towards working technicolor: Effective theories and dark matter}",
  journal = {\prd},
   eprint = {arXiv:hep-ph/0603014},
 keywords = {Technicolor models, Dark matter},
     year = 2006,
    month = jun,
   volume = 73,
   number = 11,
    pages = {115003-+},
      doi = {10.1103/PhysRevD.73.115003},
   adsurl = {http://adsabs.harvard.edu/abs/2006PhRvD..73k5003G},
  adsnote = {Provided by the SAO/NASA Astrophysics Data System}
}



@ARTICLE{davoudiasl_etal10,
   author = {{Davoudiasl}, H. and others},
    title = "{Unified Origin for Baryonic Visible Matter and Antibaryonic Dark Matter}",
  journal = {Physical Review Letters},
archivePrefix = "arXiv",
   eprint = {1008.2399},
 primaryClass = "hep-ph",
 keywords = {Particle-theory and field-theory models of the early Universe, Global symmetries, Other particles, Dark matter},
     year = 2010,
    month = nov,
   volume = 105,
   number = 21,
    pages = {211304-+},
      doi = {10.1103/PhysRevLett.105.211304},
   adsurl = {http://adsabs.harvard.edu/abs/2010PhRvL.105u1304D},
  adsnote = {Provided by the SAO/NASA Astrophysics Data System}
}

@ARTICLE{sannino_zwicky09,
   author = {{Sannino}, F. and {Zwicky}, R.},
    title = "{Unparticle and Higgs boson as composites}",
  journal = {\prd},
archivePrefix = "arXiv",
   eprint = {0810.2686},
 primaryClass = "hep-ph",
 keywords = {Electroweak interactions, Spontaneous breaking of gauge symmetries, Technicolor models, Other particles},
     year = 2009,
    month = jan,
   volume = 79,
   number = 1,
    pages = {015016-+},
      doi = {10.1103/PhysRevD.79.015016},
   adsurl = {http://adsabs.harvard.edu/abs/2009PhRvD..79a5016S},
  adsnote = {Provided by the SAO/NASA Astrophysics Data System}
}

@ARTICLE{nfwprofile,
       author = {{Navarro}, Julio F. and {Frenk}, Carlos S. and {White}, Simon D.~M.},
        title = "{A Universal Density Profile from Hierarchical Clustering}",
      journal = {\apj},
     keywords = {Cosmology: Theory, Cosmology: Dark Matter, Galaxies: Halos, Methods: Numerical, Astrophysics},
         year = "1997",
        month = "Dec",
       volume = {490},
       number = {2},
        pages = {493-508},
          doi = {10.1086/304888},
archivePrefix = {arXiv},
       eprint = {astro-ph/9611107},
 primaryClass = {astro-ph},
       adsurl = {https://ui.adsabs.harvard.edu/abs/1997ApJ...490..493N},
      adsnote = {Provided by the SAO/NASA Astrophysics Data System}
}

@ARTICLE{martinez_etal09,
       author = {{Martinez}, Gregory D. and {Bullock}, James S. and {Kaplinghat}, Manoj and
         {Strigari}, Louis E. and {Trotta}, Roberto},
        title = "{Indirect Dark Matter detection from Dwarf satellites: joint expectations from astrophysics and supersymmetry}",
      journal = {Journal of Cosmology and Astro-Particle Physics},
     keywords = {Astrophysics - High Energy Astrophysical Phenomena, Astrophysics - Galaxy Astrophysics, High Energy Physics - Phenomenology},
         year = "2009",
        month = "Jun",
       volume = {2009},
       number = {6},
          eid = {014},
        pages = {014},
          doi = {10.1088/1475-7516/2009/06/014},
archivePrefix = {arXiv},
       eprint = {0902.4715},
 primaryClass = {astro-ph.HE},
       adsurl = {https://ui.adsabs.harvard.edu/abs/2009JCAP...06..014M},
      adsnote = {Provided by the SAO/NASA Astrophysics Data System}
}

@ARTICLE{mcconnachie12,
       author = {{McConnachie}, Alan W.},
        title = "{The Observed Properties of Dwarf Galaxies in and around the Local Group}",
      journal = {\aj},
     keywords = {catalogs, galaxies: dwarf, galaxies: fundamental parameters, galaxies: general, galaxies: structure, Local Group, Astrophysics - Cosmology and Nongalactic Astrophysics, Astrophysics - Astrophysics of Galaxies},
         year = "2012",
        month = "Jul",
       volume = {144},
       number = {1},
          eid = {4},
        pages = {4},
          doi = {10.1088/0004-6256/144/1/4},
archivePrefix = {arXiv},
       eprint = {1204.1562},
 primaryClass = {astro-ph.CO},
       adsurl = {https://ui.adsabs.harvard.edu/abs/2012AJ....144....4M},
      adsnote = {Provided by the SAO/NASA Astrophysics Data System}
}


@ARTICLE{Planck18,
       author = {{Planck Collaboration} and {Aghanim}, N. and {Akrami}, Y. and
         {Ashdown}, M. and {Aumont}, J. and {Baccigalupi}, C. and
         {Ballardini}, M. and {Banday}, A.~J. and {Barreiro}, R.~B. and
         {Bartolo}, N. and {Basak}, S. and {Battye}, R. and {Benabed}, K. and
         {Bernard}, J. -P. and {Bersanelli}, M. and {Bielewicz}, P. and
         {Bock}, J.~J. and {Bond}, J.~R. and {Borrill}, J. and {Bouchet}, F.~R. and
         {Boulanger}, F. and {Bucher}, M. and {Burigana}, C. and
         {Butler}, R.~C. and {Calabrese}, E. and {Cardoso}, J. -F. and
         {Carron}, J. and {Challinor}, A. and {Chiang}, H.~C. and {Chluba}, J. and
         {Colombo}, L.~P.~L. and {Combet}, C. and {Contreras}, D. and
         {Crill}, B.~P. and {Cuttaia}, F. and {de Bernardis}, P. and
         {de Zotti}, G. and {Delabrouille}, J. and {Delouis}, J. -M. and
         {Di Valentino}, E. and {Diego}, J.~M. and {Dor{\'e}}, O. and
         {Douspis}, M. and {Ducout}, A. and {Dupac}, X. and {Dusini}, S. and
         {Efstathiou}, G. and {Elsner}, F. and {En{\ss}lin}, T.~A. and
         {Eriksen}, H.~K. and {Fantaye}, Y. and {Farhang}, M. and
         {Fergusson}, J. and {Fernandez-Cobos}, R. and {Finelli}, F. and
         {Forastieri}, F. and {Frailis}, M. and {Fraisse}, A.~A. and
         {Franceschi}, E. and {Frolov}, A. and {Galeotta}, S. and {Galli}, S. and
         {Ganga}, K. and {G{\'e}nova-Santos}, R.~T. and {Gerbino}, M. and
         {Ghosh}, T. and {Gonz{\'a}lez-Nuevo}, J. and {G{\'o}rski}, K.~M. and
         {Gratton}, S. and {Gruppuso}, A. and {Gudmundsson}, J.~E. and
         {Hamann}, J. and {Handley}, W. and {Hansen}, F.~K. and {Herranz}, D. and
         {Hildebrandt}, S.~R. and {Hivon}, E. and {Huang}, Z. and
         {Jaffe}, A.~H. and {Jones}, W.~C. and {Karakci}, A. and
         {Keih{\"a}nen}, E. and {Keskitalo}, R. and {Kiiveri}, K. and {Kim}, J. and
         {Kisner}, T.~S. and {Knox}, L. and {Krachmalnicoff}, N. and {Kunz}, M. and
         {Kurki-Suonio}, H. and {Lagache}, G. and {Lamarre}, J. -M. and
         {Lasenby}, A. and {Lattanzi}, M. and {Lawrence}, C.~R. and
         {Le Jeune}, M. and {Lemos}, P. and {Lesgourgues}, J. and {Levrier}, F. and
         {Lewis}, A. and {Liguori}, M. and {Lilje}, P.~B. and {Lilley}, M. and
         {Lindholm}, V. and {L{\'o}pez-Caniego}, M. and {Lubin}, P.~M. and
         {Ma}, Y. -Z. and {Mac{\'\i}as-P{\'e}rez}, J.~F. and {Maggio}, G. and
         {Maino}, D. and {Mandolesi}, N. and {Mangilli}, A. and
         {Marcos-Caballero}, A. and {Maris}, M. and {Martin}, P.~G. and
         {Martinelli}, M. and {Mart{\'\i}nez-Gonz{\'a}lez}, E. and
         {Matarrese}, S. and {Mauri}, N. and {McEwen}, J.~D. and
         {Meinhold}, P.~R. and {Melchiorri}, A. and {Mennella}, A. and
         {Migliaccio}, M. and {Millea}, M. and {Mitra}, S. and
         {Miville-Desch{\^e}nes}, M. -A. and {Molinari}, D. and {Montier}, L. and
         {Morgante}, G. and {Moss}, A. and {Natoli}, P. and
         {N{\o}rgaard-Nielsen}, H.~U. and {Pagano}, L. and {Paoletti}, D. and
         {Partridge}, B. and {Patanchon}, G. and {Peiris}, H.~V. and
         {Perrotta}, F. and {Pettorino}, V. and {Piacentini}, F. and
         {Polastri}, L. and {Polenta}, G. and {Puget}, J. -L. and
         {Rachen}, J.~P. and {Reinecke}, M. and {Remazeilles}, M. and
         {Renzi}, A. and {Rocha}, G. and {Rosset}, C. and {Roudier}, G. and
         {Rubi{\~n}o-Mart{\'\i}n}, J.~A. and {Ruiz-Granados}, B. and
         {Salvati}, L. and {Sandri}, M. and {Savelainen}, M. and {Scott}, D. and
         {Shellard}, E.~P.~S. and {Sirignano}, C. and {Sirri}, G. and
         {Spencer}, L.~D. and {Sunyaev}, R. and {Suur-Uski}, A. -S. and
         {Tauber}, J.~A. and {Tavagnacco}, D. and {Tenti}, M. and
         {Toffolatti}, L. and {Tomasi}, M. and {Trombetti}, T. and
         {Valenziano}, L. and {Valiviita}, J. and {Van Tent}, B. and
         {Vibert}, L. and {Vielva}, P. and {Villa}, F. and {Vittorio}, N. and {Wand
        elt}, B.~D. and {Wehus}, I.~K. and {White}, M. and {White}, S.~D.~M. and
         {Zacchei}, A. and {Zonca}, A.},
        title = "{Planck 2018 results. VI. Cosmological parameters}",
      journal = {arXiv e-prints},
     keywords = {Astrophysics - Cosmology and Nongalactic Astrophysics},
         year = 2018,
        month = jul,
          eid = {arXiv:1807.06209},
        pages = {arXiv:1807.06209},
archivePrefix = {arXiv},
       eprint = {1807.06209},
 primaryClass = {astro-ph.CO},
       adsurl = {https://ui.adsabs.harvard.edu/abs/2018arXiv180706209P},
      adsnote = {Provided by the SAO/NASA Astrophysics Data System}
}

@ARTICLE{jungman_etal96,
   author = {{Jungman}, G. and {Kamionkowski}, M. and {Griest}, K.},
    title = "{Supersymmetric dark matter}",
  journal = {\physrep},
     year = 1996,
    month = mar,
   volume = 267,
    pages = {195-373},
      doi = {10.1016/0370-1573(95)00058-5},
   adsurl = {http://adsabs.harvard.edu/abs/1996PhR...267..195J},
  adsnote = {Provided by the SAO/NASA Astrophysics Data System}
}

@ARTICLE{Bertone+05,
       author = {{Bertone}, Gianfranco and {Hooper}, Dan and {Silk}, Joseph},
        title = "{Particle dark matter: evidence, candidates and constraints}",
      journal = {\physrep},
     keywords = {High Energy Physics - Phenomenology, Astrophysics},
         year = "2005",
        month = "Jan",
       volume = {405},
       number = {5-6},
        pages = {279-390},
          doi = {10.1016/j.physrep.2004.08.031},
archivePrefix = {arXiv},
       eprint = {hep-ph/0404175},
 primaryClass = {hep-ph},
       adsurl = {https://ui.adsabs.harvard.edu/abs/2005PhR...405..279B},
      adsnote = {Provided by the SAO/NASA Astrophysics Data System}
}

@ARTICLE{CosmicVisions17,
       author = {{Battaglieri}, Marco and {Belloni}, Alberto and {Chou}, Aaron and
         {Cushman}, Priscilla and {Echenard}, Bertrand and {Essig}, Rouven and
         {Estrada}, Juan and {Feng}, Jonathan L. and {Flaugher}, Brenna and
         {Fox}, Patrick J.},
        title = "{US Cosmic Visions: New Ideas in Dark Matter 2017: Community Report}",
      journal = {arXiv e-prints},
     keywords = {High Energy Physics - Phenomenology, Astrophysics - Cosmology and Nongalactic Astrophysics, High Energy Physics - Experiment},
         year = "2017",
        month = "Jul",
          eid = {arXiv:1707.04591},
        pages = {arXiv:1707.04591},
archivePrefix = {arXiv},
       eprint = {1707.04591},
 primaryClass = {hep-ph},
       adsurl = {https://ui.adsabs.harvard.edu/abs/2017arXiv170704591B},
      adsnote = {Provided by the SAO/NASA Astrophysics Data System}
}

@ARTICLE{Profumo+19,
       author = {{Profumo}, Stefano and {Giani}, Leonardo and {Piattella}, Oliver F.},
        title = "{An Introduction to Particle Dark Matter}",
      journal = {Universe},
     keywords = {High Energy Physics - Phenomenology, Astrophysics - Astrophysics of Galaxies, High Energy Physics - Theory},
         year = 2019,
        month = oct,
       volume = {5},
       number = {10},
        pages = {213},
          doi = {10.3390/universe5100213},
archivePrefix = {arXiv},
       eprint = {1910.05610},
 primaryClass = {hep-ph},
       adsurl = {https://ui.adsabs.harvard.edu/abs/2019Univ....5..213P},
      adsnote = {Provided by the SAO/NASA Astrophysics Data System}
}

@ARTICLE{Taoso+10,
       author = {{Taoso}, Marco and {Iocco}, Fabio and {Meynet}, Georges and
         {Bertone}, Gianfranco and {Eggenberger}, Patrick},
        title = "{Effect of low mass dark matter particles on the Sun}",
      journal = {\prd},
     keywords = {95.35.+d, 26.65.+t, 96.60.Ly, Dark matter, Solar neutrinos, Helioseismology pulsations and shock waves, Astrophysics - Cosmology and Nongalactic Astrophysics, High Energy Physics - Phenomenology},
         year = 2010,
        month = oct,
       volume = {82},
       number = {8},
          eid = {083509},
        pages = {083509},
          doi = {10.1103/PhysRevD.82.083509},
archivePrefix = {arXiv},
       eprint = {1005.5711},
 primaryClass = {astro-ph.CO},
       adsurl = {https://ui.adsabs.harvard.edu/abs/2010PhRvD..82h3509T},
      adsnote = {Provided by the SAO/NASA Astrophysics Data System}
}

@ARTICLE{Iocco+12,
       author = {{Iocco}, Fabio and {Taoso}, Marco and {Leclercq}, Florent and
         {Meynet}, Georges},
        title = "{Main Sequence Stars with Asymmetric Dark Matter}",
      journal = {\prl},
     keywords = {95.35.+d, 97.10.Cv, Dark matter, Stellar structure interiors evolution nucleosynthesis ages, Astrophysics - Solar and Stellar Astrophysics, High Energy Physics - Phenomenology},
         year = 2012,
        month = feb,
       volume = {108},
       number = {6},
          eid = {061301},
        pages = {061301},
          doi = {10.1103/PhysRevLett.108.061301},
archivePrefix = {arXiv},
       eprint = {1201.5387},
 primaryClass = {astro-ph.SR},
       adsurl = {https://ui.adsabs.harvard.edu/abs/2012PhRvL.108f1301I},
      adsnote = {Provided by the SAO/NASA Astrophysics Data System}
}

@ARTICLE{Murase_Shoemaker16,
       author = {{Murase}, Kohta and {Shoemaker}, Ian M.},
        title = "{Detecting asymmetric dark matter in the Sun with neutrinos}",
      journal = {\prd},
     keywords = {High Energy Physics - Phenomenology, Astrophysics - Cosmology and Nongalactic Astrophysics, Astrophysics - Solar and Stellar Astrophysics},
         year = 2016,
        month = sep,
       volume = {94},
       number = {6},
          eid = {063512},
        pages = {063512},
          doi = {10.1103/PhysRevD.94.063512},
archivePrefix = {arXiv},
       eprint = {1606.03087},
 primaryClass = {hep-ph},
       adsurl = {https://ui.adsabs.harvard.edu/abs/2016PhRvD..94f3512M},
      adsnote = {Provided by the SAO/NASA Astrophysics Data System}
}

@ARTICLE{Casanellas_Lopes13,
       author = {{Casanellas}, Jordi and {Lopes}, Il{\'\i}dio},
        title = "{First Asteroseismic Limits on the Nature of Dark Matter}",
      journal = {\apjl},
     keywords = {asteroseismology, dark matter, stars: individual: {\ensuremath{\alpha}} Cen B KIC 8006161 HD 52265, Astrophysics - Solar and Stellar Astrophysics, Astrophysics - Cosmology and Extragalactic Astrophysics},
         year = 2013,
        month = mar,
       volume = {765},
       number = {1},
          eid = {L21},
        pages = {L21},
          doi = {10.1088/2041-8205/765/1/L21},
archivePrefix = {arXiv},
       eprint = {1212.2985},
 primaryClass = {astro-ph.SR},
       adsurl = {https://ui.adsabs.harvard.edu/abs/2013ApJ...765L..21C},
      adsnote = {Provided by the SAO/NASA Astrophysics Data System}
}

@ARTICLE{Casanellas+15,
       author = {{Casanellas}, Jordi and {Brand{\~a}o}, Isa and {Lebreton}, Yveline},
        title = "{Stellar convective cores as dark matter probes}",
      journal = {\prd},
     keywords = {95.35.+d, 97.10.Sj, Dark matter, Pulsations oscillations and stellar seismology, Astrophysics - Solar and Stellar Astrophysics, Astrophysics - Cosmology and Nongalactic Astrophysics, High Energy Physics - Phenomenology},
         year = 2015,
        month = may,
       volume = {91},
       number = {10},
          eid = {103535},
        pages = {103535},
          doi = {10.1103/PhysRevD.91.103535},
archivePrefix = {arXiv},
       eprint = {1505.01362},
 primaryClass = {astro-ph.SR},
       adsurl = {https://ui.adsabs.harvard.edu/abs/2015PhRvD..91j3535C},
      adsnote = {Provided by the SAO/NASA Astrophysics Data System}
}

@ARTICLE{Lopes_Silk12,
       author = {{Lopes}, Il{\'\i}dio and {Silk}, Joseph},
        title = "{Solar Constraints on Asymmetric Dark Matter}",
      journal = {\apj},
     keywords = {dark matter, elementary particles, stars: evolution, stars: interiors, Sun: interior, Astrophysics - Solar and Stellar Astrophysics, Astrophysics - Cosmology and Extragalactic Astrophysics, Astrophysics - Galaxy Astrophysics, High Energy Physics - Experiment, High Energy Physics - Phenomenology},
         year = 2012,
        month = oct,
       volume = {757},
       number = {2},
          eid = {130},
        pages = {130},
          doi = {10.1088/0004-637X/757/2/130},
archivePrefix = {arXiv},
       eprint = {1209.3631},
 primaryClass = {astro-ph.SR},
       adsurl = {https://ui.adsabs.harvard.edu/abs/2012ApJ...757..130L},
      adsnote = {Provided by the SAO/NASA Astrophysics Data System}
}

@ARTICLE{Lopes_Silk19,
       author = {{Lopes}, Il{\'\i}dio and {Silk}, Joseph},
        title = "{Dark matter imprint on $^{8}$B neutrino spectrum}",
      journal = {\prd},
     keywords = {High Energy Physics - Phenomenology, Astrophysics - Cosmology and Nongalactic Astrophysics, Astrophysics - Solar and Stellar Astrophysics},
         year = 2019,
        month = jan,
       volume = {99},
       number = {2},
          eid = {023008},
        pages = {023008},
          doi = {10.1103/PhysRevD.99.023008},
archivePrefix = {arXiv},
       eprint = {1812.07426},
 primaryClass = {hep-ph},
       adsurl = {https://ui.adsabs.harvard.edu/abs/2019PhRvD..99b3008L},
      adsnote = {Provided by the SAO/NASA Astrophysics Data System}
}


@ARTICLE{Bertone_Fairbairn08,
       author = {{Bertone}, Gianfranco and {Fairbairn}, Malcolm},
        title = "{Compact stars as dark matter probes}",
      journal = {\prd},
     keywords = {95.35.+d, Dark matter, Astrophysics, High Energy Physics - Phenomenology},
         year = 2008,
        month = feb,
       volume = {77},
       number = {4},
          eid = {043515},
        pages = {043515},
          doi = {10.1103/PhysRevD.77.043515},
archivePrefix = {arXiv},
       eprint = {0709.1485},
 primaryClass = {astro-ph},
       adsurl = {https://ui.adsabs.harvard.edu/abs/2008PhRvD..77d3515B},
      adsnote = {Provided by the SAO/NASA Astrophysics Data System}
}

@ARTICLE{Fairbairn+08,
       author = {{Fairbairn}, Malcolm and {Scott}, Pat and {Edsj{\"o}}, Joakim},
        title = "{The zero age main sequence of WIMP burners}",
      journal = {\prd},
     keywords = {95.35.+d, Dark matter, Astrophysics, High Energy Physics - Phenomenology},
         year = 2008,
        month = feb,
       volume = {77},
       number = {4},
          eid = {047301},
        pages = {047301},
          doi = {10.1103/PhysRevD.77.047301},
archivePrefix = {arXiv},
       eprint = {0710.3396},
 primaryClass = {astro-ph},
       adsurl = {https://ui.adsabs.harvard.edu/abs/2008PhRvD..77d7301F},
      adsnote = {Provided by the SAO/NASA Astrophysics Data System}
}

@ARTICLE{Scott+09,
       author = {{Scott}, Pat and {Fairbairn}, Malcolm and {Edsj{\"o}}, Joakim},
        title = "{Dark stars at the Galactic Centre - the main sequence}",
      journal = {\mnras},
     keywords = {elementary particles, stars: evolution, stars: fundamental parameters, stars: interiors, Galaxy: centre, dark matter, Astrophysics, High Energy Physics - Phenomenology},
         year = 2009,
        month = mar,
       volume = {394},
       number = {1},
        pages = {82-104},
          doi = {10.1111/j.1365-2966.2008.14282.x},
archivePrefix = {arXiv},
       eprint = {0809.1871},
 primaryClass = {astro-ph},
       adsurl = {https://ui.adsabs.harvard.edu/abs/2009MNRAS.394...82S},
      adsnote = {Provided by the SAO/NASA Astrophysics Data System}
}

@ARTICLE{Schumann19,
       author = {{Schumann}, Marc},
        title = "{Direct detection of WIMP dark matter: concepts and status}",
      journal = {Journal of Physics G Nuclear Physics},
     keywords = {dark matter, direct detection, weakly interacting massive particle, low background physics, rare event search, Astrophysics - Cosmology and Nongalactic Astrophysics, Astrophysics - Instrumentation and Methods for Astrophysics, High Energy Physics - Phenomenology, Physics - Instrumentation and Detectors},
         year = 2019,
        month = oct,
       volume = {46},
       number = {10},
        pages = {103003},
          doi = {10.1088/1361-6471/ab2ea5},
archivePrefix = {arXiv},
       eprint = {1903.03026},
 primaryClass = {astro-ph.CO},
       adsurl = {https://ui.adsabs.harvard.edu/abs/2019JPhG...46j3003S},
      adsnote = {Provided by the SAO/NASA Astrophysics Data System}
}

@ARTICLE{Slatyer17,
       author = {{Slatyer}, Tracy R.},
        title = "{TASI Lectures on Indirect Detection of Dark Matter}",
      journal = {arXiv e-prints},
     keywords = {High Energy Physics - Phenomenology, Astrophysics - Cosmology and Nongalactic Astrophysics, Astrophysics - High Energy Astrophysical Phenomena},
         year = 2017,
        month = oct,
          eid = {arXiv:1710.05137},
        pages = {arXiv:1710.05137},
archivePrefix = {arXiv},
       eprint = {1710.05137},
 primaryClass = {hep-ph},
       adsurl = {https://ui.adsabs.harvard.edu/abs/2017arXiv171005137S},
      adsnote = {Provided by the SAO/NASA Astrophysics Data System}
}

@ARTICLE{Nussinov85,
       author = {{Nussinov}, S.},
        title = "{Technocosmology - could a technibaryon excess provide a ``natural'' missing mass candidate?}",
      journal = {Physics Letters B},
         year = 1985,
        month = dec,
       volume = {165},
       number = {1-3},
        pages = {55-58},
          doi = {10.1016/0370-2693(85)90689-6},
       adsurl = {https://ui.adsabs.harvard.edu/abs/1985PhLB..165...55N},
      adsnote = {Provided by the SAO/NASA Astrophysics Data System}
}

@ARTICLE{PICO,
       author = {{Amole}, C. and {Ardid}, M. and {Arnquist}, I.~J. and {Asner}, D.~M. and
         {Baxter}, D. and {Behnke}, E. and {Bressler}, M. and {Broerman}, B. and
         {Cao}, G. and {Chen}, C.~J. and {Chowdhury}, U. and {Clark}, K. and
         {Collar}, J.~I. and {Cooper}, P.~S. and {Coutu}, C.~B. and
         {Cowles}, C. and {Crisler}, M. and {Crowder}, G. and
         {Cruz-Venegas}, N.~A. and {Dahl}, C.~E. and {Das}, M. and
         {Fallows}, S. and {Farine}, J. and {Felis}, I. and {Filgas}, R. and
         {Girard}, F. and {Giroux}, G. and {Hall}, J. and {Hardy}, C. and
         {Harris}, O. and {Hillier}, T. and {Hoppe}, E.~W. and {Jackson}, C.~M. and
         {Jin}, M. and {Klopfenstein}, L. and {Kozynets}, T. and
         {Krauss}, C.~B. and {Laurin}, M. and {Lawson}, I. and {Leblanc}, A. and
         {Levine}, I. and {Licciardi}, C. and {Lippincott}, W.~H. and
         {Loer}, B. and {Mamedov}, F. and {Mitra}, P. and {Moore}, C. and
         {Nania}, T. and {Neilson}, R. and {Noble}, A.~J. and {Oedekerk}, P. and
         {Ortega}, A. and {Piro}, M. -C. and {Plante}, A. and {Podviyanuk}, R. and
         {Priya}, S. and {Robinson}, A.~E. and {Sahoo}, S. and {Scallon}, O. and
         {Seth}, S. and {Sonnenschein}, A. and {Starinski}, N. and
         {{\v{S}}tekl}, I. and {Sullivan}, T. and {Tardif}, F. and
         {V{\'a}zquez-J{\'a}uregui}, E. and {Walkowski}, N. and {Weima}, E. and
         {Wichoski}, U. and {Wierman}, K. and {Yan}, Y. and {Zacek}, V. and
         {Zhang}, J. and {PICO Collaboration}},
        title = "{Dark matter search results from the complete exposure of the PICO-60 C$_{3}$F$_{8}$ bubble chamber}",
      journal = {\prd},
     keywords = {Astrophysics - Cosmology and Nongalactic Astrophysics, High Energy Physics - Experiment, Physics - Instrumentation and Detectors},
         year = 2019,
        month = jul,
       volume = {100},
       number = {2},
          eid = {022001},
        pages = {022001},
          doi = {10.1103/PhysRevD.100.022001},
archivePrefix = {arXiv},
       eprint = {1902.04031},
 primaryClass = {astro-ph.CO},
       adsurl = {https://ui.adsabs.harvard.edu/abs/2019PhRvD.100b2001A},
      adsnote = {Provided by the SAO/NASA Astrophysics Data System}
}

@BOOK{kolb_turner90,
       author = {{Kolb}, Edward W. and {Turner}, Michael S.},
        title = "{The early universe}",
         year = 1990,
         series = 1,
       volume = {69},
       adsurl = {https://ui.adsabs.harvard.edu/abs/1990eaun.book.....K},
      adsnote = {Provided by the SAO/NASA Astrophysics Data System}
}

@ARTICLE{KBD,
       author = {{Koushiappas}, Savvas M. and {Bullock}, James S. and {Dekel}, Avishai},
        title = "{Massive black hole seeds from low angular momentum material}",
      journal = {\mnras},
     keywords = {galaxies: formation, galaxies: structure, cosmology: theory, dark matter, Astrophysics},
         year = 2004,
        month = oct,
       volume = {354},
       number = {1},
        pages = {292-304},
          doi = {10.1111/j.1365-2966.2004.08190.x},
archivePrefix = {arXiv},
       eprint = {astro-ph/0311487},
 primaryClass = {astro-ph},
       adsurl = {https://ui.adsabs.harvard.edu/abs/2004MNRAS.354..292K},
      adsnote = {Provided by the SAO/NASA Astrophysics Data System}
}
