@article{dotter2016mesa,
  title={MESA Isochrones and Stellar Tracks (MIST) 0: Methods for the Construction of Stellar Isochrones},
  author={Dotter, Aaron},
  journal={The Astrophysical Journal Supplement Series},
  volume={222},
  number={1},
  pages={8},
  year={2016},
  publisher={IOP Publishing}
}

@ARTICLE{hurst2015indirect,
       author = {{Hurst}, Travis J. and {Zentner}, Andrew R. and {Natarajan}, Aravind and
         {Badenes}, Carles},
        title = "{Indirect probes of dark matter and globular cluster properties from dark matter annihilation within the coolest white dwarfs}",
      journal = {\prd},
     keywords = {95.35.+d, Dark matter, Astrophysics - Cosmology and Nongalactic Astrophysics},
         year = "2015",
        month = "May",
       volume = {91},
          eid = {103514},
        pages = {103514},
          doi = {10.1103/PhysRevD.91.103514},
archivePrefix = {arXiv},
       eprint = {1410.3925},
 primaryClass = {astro-ph.CO},
       adsurl = {https://ui.adsabs.harvard.edu/\#abs/2015PhRvD..91j3514H},
      adsnote = {Provided by the SAO/NASA Astrophysics Data System}
}

@ARTICLE{white_rees78,
       author = {{White}, S.~D.~M. and {Rees}, M.~J.},
        title = "{Core condensation in heavy halos: a two-stage theory for galaxy formation and clustering.}",
      journal = {\mnras},
     keywords = {Astronomical Models, Galactic Clusters, Galactic Evolution, Galactic Nuclei, Gravitational Effects, Halos, Critical Mass, Dark Matter, Dynamic Models, Interstellar Gas, Luminosity, Many Body Problem, Red Shift, Astrophysics, Formation:Galaxies},
         year = "1978",
        month = "May",
       volume = {183},
        pages = {341-358},
          doi = {10.1093/mnras/183.3.341},
       adsurl = {https://ui.adsabs.harvard.edu/abs/1978MNRAS.183..341W},
      adsnote = {Provided by the SAO/NASA Astrophysics Data System}
}

@ARTICLE{blumenthal_etal84,
       author = {{Blumenthal}, G.~R. and {Faber}, S.~M. and {Primack}, J.~R. and
         {Rees}, M.~J.},
        title = "{Formation of galaxies and large-scale structure with cold dark matter.}",
      journal = {\nat},
     keywords = {Dark Matter, Galactic Evolution, Galactic Structure, Matter (Physics), Universe, Astronomical Models, Baryons, Galactic Clusters, Globular Clusters, Astrophysics, DARK MATTER, GALACTIC EVOLUTION, GALACTIC STRUCTURE, MATTER (PHYSICS), UNIVERSE, ASTRONOMICAL MODELS, BARYONS, GALACTIC CLUSTERS, GLOBULAR CLUSTERS},
         year = "1984",
        month = "Oct",
       volume = {311},
        pages = {517-525},
          doi = {10.1038/311517a0},
       adsurl = {https://ui.adsabs.harvard.edu/abs/1984Natur.311..517B},
      adsnote = {Provided by the SAO/NASA Astrophysics Data System}
}

@article{paxton2010modules,
  title={Modules for experiments in stellar astrophysics (MESA)},
  author={Paxton, Bill and Bildsten, Lars and Dotter, Aaron and Herwig, Falk and Lesaffre, Pierre and Timmes, Frank},
  journal={The Astrophysical Journal Supplement Series},
  volume={192},
  number={1},
  pages={3},
  year={2010},
  publisher={IOP Publishing}
}

@article{spergel1985effect,
  title={Effect of hypothetical, weakly interacting, massive particles on energy transport in the solar interior},
  author={Spergel, David N and Press, WH},
  journal={The Astrophysical Journal},
  volume={294},
  pages={663--673},
  year={1985}
}

@ARTICLE{press_spergel85,
       author = {{Press}, W.~H. and {Spergel}, D.~N.},
        title = "{Capture by the sun of a galactic population of weakly interacting, massive particles}",
      journal = {\apj},
     keywords = {Capture Effect, Elementary Particles, Missing Mass (Astrophysics), Solar Neutrinos, Solar Physics, Kinematics, Milky Way Galaxy, Rates (Per Time), Scattering Cross Sections, Stellar Mass Accretion, Astrophysics},
         year = "1985",
        month = "Sep",
       volume = {296},
        pages = {679-684},
          doi = {10.1086/163485},
       adsurl = {https://ui.adsabs.harvard.edu/abs/1985ApJ...296..679P},
      adsnote = {Provided by the SAO/NASA Astrophysics Data System}
}

@ARTICLE{gaisser_etal86,
       author = {{Gaisser}, T.~K. and {Steigman}, G. and {Tilav}, S.},
        title = "{Limits on cold-dark-matter candidates from deep underground detectors}",
      journal = {\prd},
     keywords = {96.40.Qr, 14.60.Gh, 14.80.Pb, 98.60.Ln},
         year = "1986",
        month = "Oct",
       volume = {34},
       number = {8},
        pages = {2206-2222},
          doi = {10.1103/PhysRevD.34.2206},
       adsurl = {https://ui.adsabs.harvard.edu/abs/1986PhRvD..34.2206G},
      adsnote = {Provided by the SAO/NASA Astrophysics Data System}
}

@ARTICLE{krauss_etal85,
       author = {{Krauss}, L.~M. and {Freese}, K. and {Spergel}, D.~N. and {Press}, W.~H.},
        title = "{Cold dark matter candidates and the solar neutrino problem}",
      journal = {\apj},
     keywords = {Abundance, Cold Plasmas, Elementary Particle Interactions, Missing Mass (Astrophysics), Solar Neutrinos, Weak Energy Interactions, Annihilation Reactions, Capture Effect, Milky Way Galaxy, Scattering Cross Sections, Solar Physics},
         year = "1985",
        month = "Dec",
       volume = {299},
        pages = {1001-1006},
          doi = {10.1086/163767},
       adsurl = {https://ui.adsabs.harvard.edu/abs/1985ApJ...299.1001K},
      adsnote = {Provided by the SAO/NASA Astrophysics Data System}
}

@ARTICLE{griest_seckel87,
       author = {{Griest}, Kim and {Seckel}, David},
        title = "{Cosmic asymmetry, neutrinos and the sun}",
      journal = {Nuclear Physics B},
         year = "1987",
        month = "Jan",
       volume = {283},
        pages = {681-705},
          doi = {10.1016/0550-3213(87)90293-8},
       adsurl = {https://ui.adsabs.harvard.edu/abs/1987NuPhB.283..681G},
      adsnote = {Provided by the SAO/NASA Astrophysics Data System}
}

@article{zentner2011asymmetric,
  title={Asymmetric dark matter may alter the evolution of very low-mass stars and brown dwarfs},
  author={Zentner, Andrew R and Hearin, Andrew P},
  journal={Physical Review D},
  volume={84},
  number={10},
  pages={101302},
  year={2011},
  publisher={APS}
}

@ARTICLE{steigman_etal12,
       author = {{Steigman}, Gary and {Dasgupta}, Basudeb and {Beacom}, John F.},
        title = "{Precise relic WIMP abundance and its impact on searches for dark matter annihilation}",
      journal = {\prd},
     keywords = {95.35.+d, Dark matter, High Energy Physics - Phenomenology, Astrophysics - Cosmology and Extragalactic Astrophysics, Astrophysics - Galaxy Astrophysics},
         year = "2012",
        month = "Jul",
       volume = {86},
       number = {2},
          eid = {023506},
        pages = {023506},
          doi = {10.1103/PhysRevD.86.023506},
archivePrefix = {arXiv},
       eprint = {1204.3622},
 primaryClass = {hep-ph},
       adsurl = {https://ui.adsabs.harvard.edu/abs/2012PhRvD..86b3506S},
      adsnote = {Provided by the SAO/NASA Astrophysics Data System}
}

@ARTICLE{iocco_etal12,
       author = {{Iocco}, Fabio and {Taoso}, Marco and {Leclercq}, Florent and
         {Meynet}, Georges},
        title = "{Main Sequence Stars with Asymmetric Dark Matter}",
      journal = {\prl},
     keywords = {95.35.+d, 97.10.Cv, Dark matter, Stellar structure interiors evolution nucleosynthesis ages, Astrophysics - Solar and Stellar Astrophysics, High Energy Physics - Phenomenology},
         year = "2012",
        month = "Feb",
       volume = {108},
       number = {6},
          eid = {061301},
        pages = {061301},
          doi = {10.1103/PhysRevLett.108.061301},
archivePrefix = {arXiv},
       eprint = {1201.5387},
 primaryClass = {astro-ph.SR},
       adsurl = {https://ui.adsabs.harvard.edu/abs/2012PhRvL.108f1301I},
      adsnote = {Provided by the SAO/NASA Astrophysics Data System}
}

@ARTICLE{vincent_etal15,
       author = {{Vincent}, Aaron C. and {Scott}, Pat and {Serenelli}, Aldo},
        title = "{Possible Indication of Momentum-Dependent Asymmetric Dark Matter in the Sun}",
      journal = {\prl},
     keywords = {95.35.+d, 26.65.+t, 96.60.Ly, Dark matter, Solar neutrinos, Helioseismology pulsations and shock waves, High Energy Physics - Phenomenology, Astrophysics - Cosmology and Nongalactic Astrophysics, Astrophysics - Solar and Stellar Astrophysics},
         year = "2015",
        month = "Feb",
       volume = {114},
       number = {8},
          eid = {081302},
        pages = {081302},
          doi = {10.1103/PhysRevLett.114.081302},
archivePrefix = {arXiv},
       eprint = {1411.6626},
 primaryClass = {hep-ph},
       adsurl = {https://ui.adsabs.harvard.edu/abs/2015PhRvL.114h1302V},
      adsnote = {Provided by the SAO/NASA Astrophysics Data System}
}




@article{zentner2009high,
  title={High-energy neutrinos from dark matter particle self-capture within the Sun},
  author={Zentner, Andrew R},
  journal={Physical Review D},
  volume={80},
  number={6},
  pages={063501},
  year={2009},
  publisher={APS}
}

@ARTICLE{adm_review,
       author = {{Zurek}, Kathryn M.},
        title = "{Asymmetric Dark Matter: Theories, signatures, and constraints}",
      journal = {\physrep},
     keywords = {High Energy Physics - Phenomenology, Astrophysics - Cosmology and Nongalactic Astrophysics, Astrophysics - High Energy Astrophysical Phenomena},
         year = "2014",
        month = "Apr",
       volume = {537},
       number = {3},
        pages = {91-121},
          doi = {10.1016/j.physrep.2013.12.001},
archivePrefix = {arXiv},
       eprint = {1308.0338},
 primaryClass = {hep-ph},
       adsurl = {https://ui.adsabs.harvard.edu/abs/2014PhR...537...91Z},
      adsnote = {Provided by the SAO/NASA Astrophysics Data System}
}


@ARTICLE{barr_etal90,
   author = {{Barr}, S.~M. and {Sekhar Chivukula}, R. and {Farhi}, E.},
    title = "{Electroweak fermion number violation and the production of stable particles in the early universe}",
  journal = {Physics Letters B},
     year = 1990,
    month = may,
   volume = 241,
    pages = {387-391},
      doi = {10.1016/0370-2693(90)91661-T},
   adsurl = {http://adsabs.harvard.edu/abs/1990PhLB..241..387B},
  adsnote = {Provided by the SAO/NASA Astrophysics Data System}
}


@ARTICLE{chivukula_walker90,
   author = {{Chivukula}, R.~S. and {Walker}, T.~P.},
    title = "{Technicolor cosmology}",
  journal = {Nuclear Physics B},
     year = 1990,
    month = jan,
   volume = 329,
    pages = {445-463},
      doi = {10.1016/0550-3213(90)90151-3},
   adsurl = {http://adsabs.harvard.edu/abs/1990NuPhB.329..445C},
  adsnote = {Provided by the SAO/NASA Astrophysics Data System}
}

@ARTICLE{kaplan92,
   author = {{Kaplan}, D.~B.},
    title = "{Single explanation for both baryon and dark matter densities}",
  journal = {Physical Review Letters},
 keywords = {BARYONS, DARK MATTER, PARTICLE DENSITY (CONCENTRATION), CHARGED PARTICLES, FLUX DENSITY, NEUTRAL PARTICLES, QUANTUM NUMBERS, UNIVERSE},
     year = 1992,
    month = feb,
   volume = 68,
    pages = {741-743},
      doi = {10.1103/PhysRevLett.68.741},
   adsurl = {http://adsabs.harvard.edu/abs/1992PhRvL..68..741K},
  adsnote = {Provided by the SAO/NASA Astrophysics Data System}
}



@ARTICLE{hooper_etal05,
   author = {{Hooper}, D. and {March-Russell}, J. and {West}, S.~M.},
    title = "{Asymmetric sneutrino dark matter and the {$\Omega$}_{b}/{$\Omega$}_{DM} puzzle}",
  journal = {Physics Letters B},
   eprint = {arXiv:hep-ph/0410114},
     year = 2005,
    month = jan,
   volume = 605,
    pages = {228-236},
      doi = {10.1016/j.physletb.2004.11.047},
   adsurl = {http://adsabs.harvard.edu/abs/2005PhLB..605..228H},
  adsnote = {Provided by the SAO/NASA Astrophysics Data System}
}


@ARTICLE{gudnason_etal06,
   author = {{Gudnason}, S.~B. and {Kouvaris}, C. and {Sannino}, F.},
    title = "{Towards working technicolor: Effective theories and dark matter}",
  journal = {\prd},
   eprint = {arXiv:hep-ph/0603014},
 keywords = {Technicolor models, Dark matter},
     year = 2006,
    month = jun,
   volume = 73,
   number = 11,
    pages = {115003-+},
      doi = {10.1103/PhysRevD.73.115003},
   adsurl = {http://adsabs.harvard.edu/abs/2006PhRvD..73k5003G},
  adsnote = {Provided by the SAO/NASA Astrophysics Data System}
}



@ARTICLE{davoudiasl_etal10,
   author = {{Davoudiasl}, H. and others},
    title = "{Unified Origin for Baryonic Visible Matter and Antibaryonic Dark Matter}",
  journal = {Physical Review Letters},
archivePrefix = "arXiv",
   eprint = {1008.2399},
 primaryClass = "hep-ph",
 keywords = {Particle-theory and field-theory models of the early Universe, Global symmetries, Other particles, Dark matter},
     year = 2010,
    month = nov,
   volume = 105,
   number = 21,
    pages = {211304-+},
      doi = {10.1103/PhysRevLett.105.211304},
   adsurl = {http://adsabs.harvard.edu/abs/2010PhRvL.105u1304D},
  adsnote = {Provided by the SAO/NASA Astrophysics Data System}
}

@ARTICLE{sannino_zwicky09,
   author = {{Sannino}, F. and {Zwicky}, R.},
    title = "{Unparticle and Higgs boson as composites}",
  journal = {\prd},
archivePrefix = "arXiv",
   eprint = {0810.2686},
 primaryClass = "hep-ph",
 keywords = {Electroweak interactions, Spontaneous breaking of gauge symmetries, Technicolor models, Other particles},
     year = 2009,
    month = jan,
   volume = 79,
   number = 1,
    pages = {015016-+},
      doi = {10.1103/PhysRevD.79.015016},
   adsurl = {http://adsabs.harvard.edu/abs/2009PhRvD..79a5016S},
  adsnote = {Provided by the SAO/NASA Astrophysics Data System}
}

@ARTICLE{nfwprofile,
       author = {{Navarro}, Julio F. and {Frenk}, Carlos S. and {White}, Simon D.~M.},
        title = "{A Universal Density Profile from Hierarchical Clustering}",
      journal = {\apj},
     keywords = {Cosmology: Theory, Cosmology: Dark Matter, Galaxies: Halos, Methods: Numerical, Astrophysics},
         year = "1997",
        month = "Dec",
       volume = {490},
       number = {2},
        pages = {493-508},
          doi = {10.1086/304888},
archivePrefix = {arXiv},
       eprint = {astro-ph/9611107},
 primaryClass = {astro-ph},
       adsurl = {https://ui.adsabs.harvard.edu/abs/1997ApJ...490..493N},
      adsnote = {Provided by the SAO/NASA Astrophysics Data System}
}

@ARTICLE{martinez_etal09,
       author = {{Martinez}, Gregory D. and {Bullock}, James S. and {Kaplinghat}, Manoj and
         {Strigari}, Louis E. and {Trotta}, Roberto},
        title = "{Indirect Dark Matter detection from Dwarf satellites: joint expectations from astrophysics and supersymmetry}",
      journal = {Journal of Cosmology and Astro-Particle Physics},
     keywords = {Astrophysics - High Energy Astrophysical Phenomena, Astrophysics - Galaxy Astrophysics, High Energy Physics - Phenomenology},
         year = "2009",
        month = "Jun",
       volume = {2009},
       number = {6},
          eid = {014},
        pages = {014},
          doi = {10.1088/1475-7516/2009/06/014},
archivePrefix = {arXiv},
       eprint = {0902.4715},
 primaryClass = {astro-ph.HE},
       adsurl = {https://ui.adsabs.harvard.edu/abs/2009JCAP...06..014M},
      adsnote = {Provided by the SAO/NASA Astrophysics Data System}
}

@ARTICLE{mcconnachie12,
       author = {{McConnachie}, Alan W.},
        title = "{The Observed Properties of Dwarf Galaxies in and around the Local Group}",
      journal = {\aj},
     keywords = {catalogs, galaxies: dwarf, galaxies: fundamental parameters, galaxies: general, galaxies: structure, Local Group, Astrophysics - Cosmology and Nongalactic Astrophysics, Astrophysics - Astrophysics of Galaxies},
         year = "2012",
        month = "Jul",
       volume = {144},
       number = {1},
          eid = {4},
        pages = {4},
          doi = {10.1088/0004-6256/144/1/4},
archivePrefix = {arXiv},
       eprint = {1204.1562},
 primaryClass = {astro-ph.CO},
       adsurl = {https://ui.adsabs.harvard.edu/abs/2012AJ....144....4M},
      adsnote = {Provided by the SAO/NASA Astrophysics Data System}
}



