@article{Zentner2011AsymmetricDwarfs,
    title = {{Asymmetric dark matter may alter the evolution of very low-mass stars and brown dwarfs}},
    year = {2011},
    journal = {Physical Review D - Particles, Fields, Gravitation and Cosmology},
    author = {Zentner, Andrew R. and Hearin, Andrew P.},
    number = {10},
    pages = {3--8},
    volume = {84},
    doi = {10.1103/PhysRevD.84.101302},
    issn = {15507998},
    arxivId = {1110.5919}
}

@article{Press1985,
    title = {{Capture by the sun of a galactic population of weakly interacting, massive particles}},
    year = {1985},
    journal = {The Astrophysical Journal},
    author = {Press, W. H. and Spergel, D. N.},
    pages = {679},
    volume = {296},
    url = {http://adsabs.harvard.edu/doi/10.1086/163485},
    doi = {10.1086/163485},
    issn = {0004-637X}
}

@article{Service1977,
    title = {{Concise approximation formulae for the Lane-Emden functions}},
    year = {1977},
    journal = {The Astrophysical Journal},
    author = {Service, A. T.},
    pages = {908--909},
    volume = {211}
}

@article{Gould1992CosmologicalAnnihilations,
    title = {{Cosmological density of WIMPs from solar and terrestrial annihilations}},
    year = {1992},
    journal = {The Astrophysical Journal},
    author = {Gould, Andrew},
    pages = {338},
    volume = {388},
    url = {http://adsabs.harvard.edu/doi/10.1086/171156},
    doi = {10.1086/171156},
    issn = {0004-637X}
}

@article{Spergel1985EffectInterior,
    title = {{Effect of hypothetical, weakly interacting, massive particles on energy transport in the solar interior}},
    year = {1985},
    journal = {The Astrophysical Journal},
    author = {Spergel, D. N. and Press, W. H.},
    pages = {663},
    volume = {294},
    url = {http://adsabs.harvard.edu/doi/10.1086/163336},
    doi = {10.1086/163336},
    issn = {0004-637X}
}

@article{Hurst2017EnergyStars,
    title = {{Energy Transport by Asymmetric Dark Matter in Horizontal Branch Stars}},
    year = {2017},
    author = {Hurst, T and Zentner, A},
    pages = {1--9}
}

@article{Zentner2009High-energySun,
    title = {{High-energy neutrinos from dark matter particle self-capture within the Sun}},
    year = {2009},
    journal = {Physical Review D - Particles, Fields, Gravitation and Cosmology},
    author = {Zentner, Andrew R.},
    number = {6},
    volume = {80},
    doi = {10.1103/PhysRevD.80.063501},
    issn = {15507998},
    arxivId = {0907.3448}
}

@article{Words,
    title = {{Implicit Integration - Henyey Method}},
    author = {Words, Key},
    pages = {16--22},
    url = {http://www.astro.sunysb.edu/lattimer/PHY521/henot.pdf},
    keywords = {1, 15, 2, mpges, クアウトマウス, タンパク質キナーゼck2, ノッ, ヒドロキシプロスタグランジンデヒドロゲナーゼ, ロスタグランジンe 2, 熱ショックタンパク質90, 種 のmpges}
}

@article{Hurst2015,
    title = {{Indirect probes of dark matter and globular cluster properties from dark matter annihilation within the coolest white dwarfs}},
    year = {2015},
    journal = {Physical Review D - Particles, Fields, Gravitation and Cosmology},
    author = {Hurst, Travis J. and Zentner, Andrew R. and Natarajan, Aravind and Badenes, Carles},
    number = {10},
    volume = {91},
    doi = {10.1103/PhysRevD.91.103514},
    issn = {15502368},
    arxivId = {1410.3925}
}

@article{Iocco2012,
    title = {{Main sequence stars with asymmetric dark matter}},
    year = {2012},
    journal = {Physical Review Letters},
    author = {Iocco, Fabio and Taoso, Marco and Leclercq, Florent and Meynet, Georges},
    number = {6},
    pages = {1--5},
    volume = {108},
    doi = {10.1103/PhysRevLett.108.061301},
    issn = {10797114},
    arxivId = {1201.5387}
}

@article{Dotter2016MesaIsochrones,
    title = {{Mesa Isochrones and Stellar Tracks (Mist) 0: Methods for the Construction of Stellar Isochrones}},
    year = {2016},
    journal = {The Astrophysical Journal Supplement Series},
    author = {Dotter, Aaron},
    number = {1},
    pages = {8},
    volume = {222},
    url = {http://stacks.iop.org/0067-0049/222/i=1/a=8?key=crossref.80eafb1cc332e11191ee19714c861a18},
    doi = {10.3847/0067-0049/222/1/8},
    issn = {1538-4365},
    arxivId = {1601.05144},
    keywords = {methods: numerical, stars: evolution}
}

@article{Choi2016MESAModels,
    title = {{MESA Isochrones and Stellar Tracks (MIST). I: Solar-Scaled Models}},
    year = {2016},
    journal = {The Astrophysical Journal},
    author = {Choi, Jieun and Dotter, Aaron and Conroy, Charlie and Cantiello, Matteo and Paxton, Bill and Johnson, Benjamin D.},
    number = {2},
    pages = {1--48},
    volume = {823},
    publisher = {IOP Publishing},
    url = {http://arxiv.org/abs/1604.08592%0Ahttp://dx.doi.org/10.3847/0004-637X/823/2/102},
    isbn = {1-4051-5785-2{\textbackslash}r978-1-4051-5785-8{\textbackslash}r1-4051-5784-4{\textbackslash}r978-1-4051-5784-1},
    doi = {10.3847/0004-637X/823/2/102},
    issn = {1538-4357},
    arxivId = {1604.08592},
    keywords = {evolution, general, interiors, stars, stars: evolution, stars: general, stars: interiors}
}

@article{Paxton2011ModulesMESA,
    title = {{Modules for Experiments in Stellar Astrophysics (MESA)}},
    year = {2011},
    journal = {Astrophysical Journal, Supplement Series},
    author = {Paxton, Bill and Bildsten, Lars and Dotter, Aaron and Herwig, Falk and Lesaffre, Pierre and Timmes, Frank},
    number = {1},
    volume = {192},
    isbn = {0067-0049},
    doi = {10.1088/0067-0049/192/1/3},
    issn = {00670049},
    pmid = {24438777},
    arxivId = {1009.1622},
    keywords = {Methods: numerical, Stars: evolution, Stars: general}
}

@article{Paxton2013,
    title = {{Modules for experiments in stellar astrophysics (MESA): Planets, oscillations, rotation, and massive stars}},
    year = {2013},
    journal = {Astrophysical Journal, Supplement Series},
    author = {Paxton, Bill and Cantiello, Matteo and Arras, Phil and Bildsten, Lars and Brown, Edward F. and Dotter, Aaron and Mankovich, Christopher and Montgomery, M. H. and Stello, Dennis and Timmes, F. X. and Townsend, Richard},
    number = {1},
    volume = {208},
    isbn = {0067-0049 1538-4365},
    doi = {10.1088/0067-0049/208/1/4},
    issn = {00670049},
    pmid = {22778410},
    arxivId = {1301.0319},
    keywords = {asteroseismology, methods: numerical, planets and satellites: physical evolution, stars: evolution, stars: massive, stars: rotation}
}

@article{Gould1987,
    title = {{Resonant enhancements in weakly interacting massive particle capture by the earth}},
    year = {1987},
    journal = {The Astrophysical Journal},
    author = {Gould, Andrew},
    pages = {571},
    volume = {321},
    url = {http://adsabs.harvard.edu/doi/10.1086/165653},
    doi = {10.1086/165653},
    issn = {0004-637X}
}

@inproceedings{Aguirre2018,
    title = {{Stellar evolution and modelling stars}},
    year = {2018},
    booktitle = {Astrophysics and Space Science Proceedings},
    author = {Aguirre, Víctor Silva},
    isbn = {9783319593142},
    doi = {10.1007/978-3-319-59315-9{\_}1},
    issn = {15706605},
    arxivId = {1711.04461}
}

@article{Gould1990,
    title = {{Thermal conduction by massive particles}},
    year = {1990},
    journal = {The Astrophysical Journal},
    author = {Gould, Andrew and Raffelt, Georg},
    pages = {654},
    volume = {352},
    url = {http://adsabs.harvard.edu/doi/10.1086/168568},
    doi = {10.1086/168568},
    issn = {0004-637X},
    arxivId = {arXiv:1103.5636v1}
}

@book{Pols1990StellarEvolution,
    title = {{Utrecht University, Lecture Notes: Stellar Structure and Evolution}},
    year = {2011},
    author = {Pols, Onno},
    number = {September},
    url = {http://www.astro.ru.nl/~onnop/education/stev_utrecht_notes/}
}

@article{Wang2019HowVirtuosity,
    title = {{How to Constrain Assembly Bias : Wherein Kuan Demonstrates Her Virtuosity}},
    year = {2019},
    author = {Wang, Kuan and Mao, Yao-yuan and Zentner, Andrew R and Bosch, Frank C Van Den and Lange, Johannes U and Schafer, Chad M and Villarreal, Antonio S and Hearin, Andrew P and Campbell, Duncan},
    number = {January},
    pages = {1--15},
    volume = {15},
    keywords = {keyword1, keyword2, keyword3}
}